@inproceedings{Nath:2007:FDS:1236360.1236412,
 author = {Nath, Suman and Kansal, Aman},
 title = {FlashDB: dynamic self-tuning database for NAND flash},
 booktitle = {Proceedings of the 6th international conference on Information processing in sensor networks},
 series = {IPSN '07},
 year = {2007},
 isbn = {978-1-59593-638-7},
 location = {Cambridge, Massachusetts, USA},
 pages = {410--419},
 numpages = {10},
 url = {http://doi.acm.org/10.1145/1236360.1236412},
 doi = {10.1145/1236360.1236412},
 acmid = {1236412},
 publisher = {ACM},
 address = {New York, NY, USA},
 keywords = {B+-tree, NAND flash, indexing, log-structured index, self-tuning index},
} 

@article{Shilton-2008,
    author = {Shilton, Louise A. and Latch, Peter J. and Mckeown, A. D. A. M. and Pert, Petina and Westcott, David A.},
    doi = {10.1111/j.1442-9993.2008.01910.x},
    issn = {1442-9985},
    journal = {Austral Ecology},
    month = jun,
    number = {4},
    pages = {549--561},
    posted-at = {2008-05-13 01:52:02},
    publisher = {Blackwell Publishing},
    title = {Landscape-scale redistribution of a highly mobile threatened species, Pteropus conspicillatus (Chiroptera, Pteropodidae), in response to Tropical Cyclone Larry},
    volume = {33},
    year = {2008}
}

@article{Nath:2008:OMV:1453856.1453961,
 author = {Nath, Suman and Gibbons, Phillip B.},
 title = {Online maintenance of very large random samples on flash storage},
 journal = {Proc. VLDB Endow.},
 issue_date = {August 2008},
 volume = {1},
 number = {1},
 month = aug,
 year = {2008},
 issn = {2150-8097},
 pages = {970--983},
 numpages = {14},
 url = {http://dl.acm.org/citation.cfm?id=1453856.1453961},
 acmid = {1453961},
 publisher = {VLDB Endowment},
} 


@article{peuker-73,
    day = {1},
    doi = {10.3138/fm57-6770-u75u-7727},
    journal = {Cartographica: The International Journal for Geographic Information and Geovisualization},
    month = oct,
    number = {2},
    pages = {112--122},
    posted-at = {2011-03-18 03:15:22},
    priority = {2},
    title = {ALGORITHMS FOR THE REDUCTION OF THE NUMBER OF POINTS REQUIRED TO REPRESENT A DIGITIZED LINE OR ITS CARICATURE},
    url = {http://dx.doi.org/10.3138/fm57-6770-u75u-7727},
    volume = {10},
    year = {1973}
}


@inproceedings{Nath:2009:EES:1602165.1602181,
 author = {Nath, Suman},
 title = {Energy efficient sensor data logging with amnesic flash storage},
 booktitle = {Proceedings of the 2009 International Conference on Information Processing in Sensor Networks},
 series = {IPSN '09},
 year = {2009},
 isbn = {978-1-4244-5108-1},
 pages = {157--168},
 numpages = {12},
 url = {http://dl.acm.org/citation.cfm?id=1602165.1602181},
 acmid = {1602181},
 publisher = {IEEE Computer Society},
 address = {Washington, DC, USA},
} 

@ARTICLE{compressed-sensing, 
author={Candes, E.J. and Wakin, M.B.}, 
journal={Signal Processing Magazine, IEEE}, title={An Introduction To Compressive Sampling}, 
year={2008}, 
month={march }, 
volume={25}, 
number={2}, 
pages={21 -30}, 
keywords={Relatively few wavelet;compressed sensing;compressive sampling;data acquisition;image recovery;sampling paradigm;sensing paradigm;signal recovery;data acquisition;image processing;signal processing equipment;signal sampling;}, 
doi={10.1109/MSP.2007.914731}, 
ISSN={1053-5888},}

@INPROCEEDINGS{Sadler06datacompression,
    author = {Christopher Sadler and Margaret Martonosi},
    title = {Data Compression Algorithms for Energy-Constrained Devices in Delay Tolerant Networks},
    booktitle = {In Proc. of the ACM Conf. on Embedded Networked Sensor Systems (SenSys},
    year = {2006},
    pages = {265--278}
}

@inproceedings{Koltsidas:2011,
 author = {Koltsidas, Ioannis and Viglas, Stratis D.},
 title = {Data management over flash memory},
 booktitle = {Proceedings of the 2011 ACM SIGMOD International Conference on Management of data},
 series = {SIGMOD '11},
 year = {2011},
 isbn = {978-1-4503-0661-4},
 location = {Athens, Greece},
 pages = {1209--1212},
 numpages = {4},
 url = {http://doi.acm.org/10.1145/1989323.1989455},
 doi = {10.1145/1989323.1989455},
 acmid = {1989455},
 publisher = {ACM},
 address = {New York, NY, USA},
 keywords = {flash memory, solid state drives, storage},
 
} 

@INPROCEEDINGS{Vasilescu05krill:an,
    author = {I Vasilescu and K Kotay and D Rus and L Overs and P Sikka and M Dunbabin and P Chen and P Corke},
    title = {Krill: An exploration in underwater sensor networks},
    booktitle = {Embedded Networked Sensors, 2005. EmNetS-II. The Second IEEE Workshop on},
    year = {2005},
    pages = {151--152}
}

@INPROCEEDINGS{robo-mote, 
author={Dantu, K. and Rahimi, M. and Shah, H. and Babel, S. and Dhariwal, A. and Sukhatme, G.}, 
booktitle={Information Processing in Sensor Networks, 2005. IPSN 2005. Fourth International Symposium on}, title={Robomote: enabling mobility in sensor networks}, 
year={2005}, 
pages={404-409}, 
keywords={embedded systems;mobile robots;mobility management (mobile radio);wireless sensor networks;autonomous node mobility;distributed robotics;mobile sensor network;power embedded system;robomote;Computer networks;Distributed computing;Event detection;Intelligent networks;Mobile robots;Monitoring;Robot control;Robot sensing systems;Sampling methods;Sensor phenomena and characterization}, 
doi={10.1109/IPSN.2005.1440957},}

@inproceedings{Anthony:2012:STC:2185677.2185747,
 author = {Anthony, David and Bennett, William P. and Vuran, Mehmet C. and Dwyer, Matthew B. and Elbaum, Sebastian and Lacy, Anne and Engels, Mike and Wehtje, Walter},
 title = {Sensing through the continent: towards monitoring migratory birds using cellular sensor networks},
 booktitle = {Proceedings of the 11th international conference on Information Processing in Sensor Networks},
 series = {IPSN '12},
 year = {2012},
 isbn = {978-1-4503-1227-1},
 location = {Beijing, China},
 pages = {329--340},
 numpages = {12},
 url = {http://doi.acm.org/10.1145/2185677.2185747},
 doi = {10.1145/2185677.2185747},
 acmid = {2185747},
 publisher = {ACM},
 address = {New York, NY, USA},
 keywords = {cellular, tracking, wireless sensor networks},
} 


@inproceedings{raja-ipsn,
 author = {Jurdak, R. and Sommer, P. and Kusy, B. and Kottege, N. and Crossman, C. and McKeown, A. and Westcott, D. },
 title = {Camazotz: Multimodal Activity-Based GPS Sampling},
 booktitle = {Proceedings of the 12th ACM/IEEE conference on Information Processing in Sensor Networks },
 series = {IPSN '13},
 year = {2013},
 publisher = {ACM},
 address = {New York, NY, USA},
 keywords = {cellular, tracking, wireless sensor networks},
} 

@ARTICLE{amnesic, 
author={Palpanas, T. and Vlachos, M. and Keogh, E. and Gunopulos, D.}, 
journal={Knowledge and Data Engineering, IEEE Transactions on}, title={Streaming Time Series Summarization Using User-Defined Amnesic Functions}, 
year={2008}, 
month={july }, 
volume={20}, 
number={7}, 
pages={992 -1006}, 
keywords={batch mode;mobile device;online algorithm;real time sensor;time series approximation;time series summarization streaming;user-defined amnesic function;approximation theory;data analysis;functions;time series;}, 
doi={10.1109/TKDE.2007.190737}, 
ISSN={1041-4347},}

@inproceedings{compression-usability,
 author = {H\"{o}nle, Nicola and Grossmann, Matthias and Reimann, Steffen and Mitschang, Bernhard},
 title = {Usability analysis of compression algorithms for position data streams},
 booktitle = {Proceedings of the 18th SIGSPATIAL International Conference on Advances in Geographic Information Systems},
 series = {GIS '10},
 year = {2010},
 isbn = {978-1-4503-0428-3},
 location = {San Jose, California},
 pages = {240--249},
 numpages = {10},
 url = {http://doi.acm.org/10.1145/1869790.1869825},
 doi = {10.1145/1869790.1869825},
 acmid = {1869825},
 publisher = {ACM},
 address = {New York, NY, USA},
 keywords = {sensor data, stream data management},
}	

@article{geometry-2,
author = {CHAN, W.S. and CHIN, F.},
title = {APPROXIMATION OF POLYGONAL CURVES WITH MINIMUM NUMBER OF LINE SEGMENTS OR MINIMUM ERROR},
journal = {International Journal of Computational Geometry and Applications},
volume = {06},
number = {01},
pages = {59-77},
year = {1996},
doi = {10.1142/S0218195996000058},

URL = {http://www.worldscientific.com/doi/abs/10.1142/S0218195996000058},
eprint = {http://www.worldscientific.com/doi/pdf/10.1142/S0218195996000058}
}

@article{geometry-1,
year={2000},
issn={0179-5376},
journal={Discrete and Computational Geometry},
volume={23},
number={2},
doi={10.1007/PL00009500},
title={Efficient Algorithms for Approximating Polygonal Chains},
url={http://dx.doi.org/10.1007/PL00009500},
publisher={Springer-Verlag},
author={Agarwal, P. K. and Varadarajan, K. R.},
pages={273-291},
language={English}
}

@inproceedings{Sarwat-fast,
 author = {Sarwat, Mohamed and Mokbel, Mohamed F. and Zhou, Xun and Nath, Suman},
 title = {FAST: a generic framework for flash-aware spatial trees},
 booktitle = {Proceedings of the 12th international conference on Advances in spatial and temporal databases},
 series = {SSTD'11},
 year = {2011},
 isbn = {978-3-642-22921-3},
 location = {Minneapolis, MN},
 pages = {149--167},
 numpages = {19},
 url = {http://dl.acm.org/citation.cfm?id=2035253.2035267},
 acmid = {2035267},
 publisher = {Springer-Verlag},
 address = {Berlin, Heidelberg},
} 

@inproceedings{mit-ipsn,
 author = {Feldman, Dan and Sugaya, Andrew and Rus, Daniela},
 title = {An effective coreset compression algorithm for large scale sensor networks},
 booktitle = {Proceedings of the 11th international conference on Information Processing in Sensor Networks},
 series = {IPSN '12},
 year = {2012},
 isbn = {978-1-4503-1227-1},
 location = {Beijing, China},
 pages = {257--268},
 numpages = {12},
 url = {http://doi.acm.org/10.1145/2185677.2185739},
 doi = {10.1145/2185677.2185739},
 acmid = {2185739},
 publisher = {ACM},
 address = {New York, NY, USA},
 keywords = {coresets, douglas-peucker, gpu, linear simplificaiton, streaming},
} 



@INPROCEEDINGS{preprocessing-position-data, 
author={Honle, N. and Grossmann, M. and Nicklas, D. and Mitschang, B.}, 
booktitle={Mobile Data Management, 2008. MDM '08. 9th International Conference on}, title={Preprocessing Position Data of Mobile Objects}, 
year={2008}, 
month={april}, 
volume={}, 
number={}, 
pages={41 -48}, 
keywords={approximation;lossy preprocessing;maximal acceptable deviation;mobile object;object movement;object trajectory;piece wise functions;position data preprocessing;position sensor measurement;approximation theory;mobile communication;mobile computing;statistical analysis;}, 
doi={10.1109/MDM.2008.27}, 
ISSN={},}

@inproceedings{Soroush:2008:FQD:1374618.1374670,
 author = {Soroush, Emad and Wu, Kui and Pei, Jian},
 title = {Fast and quality-guaranteed data streaming in resource-constrained sensor networks},
 booktitle = {Proceedings of the 9th ACM international symposium on Mobile ad hoc networking and computing},
 series = {MobiHoc '08},
 year = {2008},
 isbn = {978-1-60558-073-9},
 location = {Hong Kong, Hong Kong, China},
 pages = {391--400},
 numpages = {10},
 url = {http://doi.acm.org/10.1145/1374618.1374670},
 doi = {10.1145/1374618.1374670},
 acmid = {1374670},
 publisher = {ACM},
 address = {New York, NY, USA},
 keywords = {data streaming, linear approximation, wireless sensor networks},
} 

@article{data-infati,
  added-at = {2011-12-05T00:00:00.000+0100},
  author = {Jensen, Christian S. and Lahrmann, H. and Pakalnis, Stardas and Runge, J.},
  biburl = {http://www.bibsonomy.org/bibtex/29ce9e0a158c3c4d95c89d0c3f64da4b1/dblp},
  ee = {http://arxiv.org/abs/cs.DB/0410001},
  interhash = {a37b38c1d726ff099052ac84c761168e},
  intrahash = {9ce9e0a158c3c4d95c89d0c3f64da4b1},
  journal = {CoRR},
  keywords = {dblp},
  timestamp = {2011-12-05T00:00:00.000+0100},
  title = {The Infati Data},
  url = {http://dblp.uni-trier.de/db/journals/corr/corr0410.html#cs-DB-0410001},
  volume = {cs.DB/0410001},
  year = 2004
}

@article{Cao:2006:SDR:1147679.1147681,
 author = {Cao, Hu and Wolfson, Ouri and Trajcevski, Goce},
 title = {Spatio-temporal data reduction with deterministic error bounds},
 journal = {The VLDB Journal},
 issue_date = {September 2006},
 volume = {15},
 number = {3},
 month = sep,
 year = {2006},
 issn = {1066-8888},
 pages = {211--228},
 numpages = {18},
 url = {http://dx.doi.org/10.1007/s00778-005-0163-7},
 doi = {10.1007/s00778-005-0163-7},
 acmid = {1147681},
 publisher = {Springer-Verlag New York, Inc.},
 address = {Secaucus, NJ, USA},
 keywords = {Data reduction, Line simplification, Moving objects database, Uncertainty},
} 

@inproceedings{vision,
 author = {Hobby, John D.},
 title = {Polygonal approximations that minimize the number of inflections},
 booktitle = {Proceedings of the fourth annual ACM-SIAM Symposium on Discrete algorithms},
 series = {SODA '93},
 year = {1993},
 isbn = {0-89871-313-7},
 location = {Austin, Texas, USA},
 pages = {93--102},
 numpages = {10},
 url = {http://dl.acm.org/citation.cfm?id=313559.313616},
 acmid = {313616},
 publisher = {Society for Industrial and Applied Mathematics},
 address = {Philadelphia, PA, USA},
} 


@inproceedings{gis,
 author = {R. McMaster},
 title = {Automated line generalization},
 booktitle = {Cartographica},
 year = {1987},
 pages = {24--2},
} 



@inproceedings{Xu:adaptive:2012,
 author = {Xu, Zhenghua and Zhang, Rui and Kotagiri, Ramamohanarao and Parampalli, Udaya},
 title = {An adaptive algorithm for online time series segmentation with error bound guarantee},
 booktitle = {Proceedings of the 15th International Conference on Extending Database Technology},
 series = {EDBT '12},
 year = {2012},
 isbn = {978-1-4503-0790-1},
 location = {Berlin, Germany},
 pages = {192--203},
 numpages = {12},
 url = {http://doi.acm.org/10.1145/2247596.2247620},
 doi = {10.1145/2247596.2247620},
 acmid = {2247620},
 publisher = {ACM},
 address = {New York, NY, USA},
 keywords = {approximation, segmentation, time series},
} 

@ARTICLE{lzw, 
author={Welch, T.A.}, 
journal={Computer}, title={A Technique for High-Performance Data Compression}, 
year={1984}, 
month={june }, 
volume={17}, 
number={6}, 
pages={8 -19}, 
keywords={}, 
doi={10.1109/MC.1984.1659158}, 
ISSN={0018-9162},}
